Automatically generated by Mendeley Desktop 1.19.4
Any changes to this file will be lost if it is regenerated by Mendeley.

BibTeX export options can be customized via Options -> BibTeX in Mendeley Desktop

@article{Mustapha,
annote = {zgloszony},
author = {Mustapha, S. and Lu, Y. and Ng, C.-T. and Malinowski, Pawel},
journal = {Hindawi-Journal of Sensors},
title = {{Sensor Networks for Structures Heath Monitoring: Placement, Implementations and Challenges - A Review}}
}
@inproceedings{Mieloszyk2020,
address = {Singapore},
annote = {przyj{\c{e}}ty do druku},
author = {Mieloszyk, M. and Majewska, Katarzyna and Ostachowicz, Wieslaw},
booktitle = {Lecture Notes in Mechanical Engineering},
isbn = {2195-4356},
publisher = {Springer},
title = {{Studies of Fibre Reinforced Polymer Samples with Embedded FBG Sensors}},
year = {2020}
}
