Automatically generated by Mendeley Desktop 1.19.4
Any changes to this file will be lost if it is regenerated by Mendeley.

BibTeX export options can be customized via Options -> BibTeX in Mendeley Desktop

@inproceedings{Jeong2019a,
author = {Jeong, Seongwoon and Ferguson, Max and Law, Kincho H.},
booktitle = {Sensors and Smart Structures Technologies for Civil, Mechanical, and Aerospace Systems 2019},
doi = {10.1117/12.2514436},
editor = {Wang, Kon-Well and Sohn, Hoon and Huang, Haiying and Lynch, Jerome P.},
file = {::},
isbn = {9781510625952},
issn = {1996756X},
keywords = {anomaly detection,bidirectional recurrent neural network,sensor data reconstruction,sensor validation},
month = {mar},
pages = {25},
publisher = {SPIE},
title = {{Sensor data reconstruction and anomaly detection using bidirectional recurrent neural network}},
url = {https://www.spiedigitallibrary.org/conference-proceedings-of-spie/10970/2514436/Sensor-data-reconstruction-and-anomaly-detection-using-bidirectional-recurrent-neural/10.1117/12.2514436.full},
year = {2019}
}
