Automatically generated by Mendeley Desktop 1.19.4
Any changes to this file will be lost if it is regenerated by Mendeley.

BibTeX export options can be customized via Options -> BibTeX in Mendeley Desktop

@techreport{Kudela2019c,
annote = {64/2019},
author = {Kudela, Pawe{\l} and Radzie{\'{n}}ski, Maciej},
title = {{Studia parametryczne krzywych dyspersji uzyskanych metod{\c{a}} p{\'{o}}l-analityczn{\c{a}} i ich por{\'{o}}wnanie z wynikami eksperymentalnymi}},
year = {2019}
}
