Automatically generated by Mendeley Desktop 1.19.4
Any changes to this file will be lost if it is regenerated by Mendeley.

BibTeX export options can be customized via Options -> BibTeX in Mendeley Desktop

@book{Kudela2019a,
annote = {XXX/2019},
author = {Kudela, P.},
isbn = {234567},
pages = {1--200},
publisher = {Springer},
title = {{Book Title}},
year = {2019}
}
