Automatically generated by Mendeley Desktop 1.19.4
Any changes to this file will be lost if it is regenerated by Mendeley.

BibTeX export options can be customized via Options -> BibTeX in Mendeley Desktop

@inproceedings{Soman2019b,
address = {1-5.09 Krakow, Poland},
annote = {783/2019},
author = {Soman, Rohan and Kudela, Pawel and Malinowski, Pawel},
booktitle = {Youth Investigator's conference},
title = {{A two-step strategy for the optimization of sensor placement for structural health monitoring}},
year = {2019}
}
