Automatically generated by Mendeley Desktop 1.19.4
Any changes to this file will be lost if it is regenerated by Mendeley.

BibTeX export options can be customized via Options -> BibTeX in Mendeley Desktop

@incollection{Kudela2019b,
address = {London},
annote = {YYY/2019},
author = {Kudela, P.},
booktitle = {Book title},
isbn = {123445},
pages = {234--244},
publisher = {Wiley},
title = {{Chapter Title}},
year = {2019}
}
