Automatically generated by Mendeley Desktop 1.19.4
Any changes to this file will be lost if it is regenerated by Mendeley.

BibTeX export options can be customized via Options -> BibTeX in Mendeley Desktop

@inproceedings{Ostachowicz2019a,
address = {3-7.03 Denver, Colorado, USA},
annote = {591/2019},
author = {Ostachowicz, Wieslaw and Radzie{\'{n}}ski, Maciej and Kudela, Pawel and Jurek, Michal},
booktitle = {Nondestructive Characterization and Monitoring of Advanced Materials, Aerospace, Civil Infrastructure, and Transportation XIII},
doi = {10.1117/12.2514017},
editor = {Gyekenyesi, Andrew L.},
isbn = {9781510625976},
issn = {1996756X},
pages = {10971},
publisher = {SPIE},
title = {{Non-contact excitation of guided waves using air-coupled ultrasonic transmitters for damage detection}},
url = {https://www.spiedigitallibrary.org/conference-proceedings-of-spie/10971/2514017/Non-contact-excitation-of-guided-waves-using-air-coupled-ultrasonic/10.1117/12.2514017.full},
year = {2019}
}
